@ONLINE
{arduinouno,
    url={http://arduino.cc/en/Main/ArduinoBoardUno},
    title={Arduino - ArduinoBoardUno},
    note={Seen 12/02/2015},
    author={Arduino}
}
@ONLINE
{arduinointroduction,
    url={http://arduino.cc/en/Guide/Introduction},
    title={Arduino - Introduction},
    note={Seen 12/02/2015},
    author={Arduino}
}
@ONLINE
{makingofarduino,
    url={http://spectrum.ieee.org/geek-life/hands-on/the-making-of-arduino},
    note={Seen 12/02/2015},
    title={The making of Arduino},
    author={IEEE Spectrum}
}
@ONLINE
{parserslides,
url={https://www.moodle.aau.dk/pluginfile.php/443997/mod_folder/content/0/SPOF15-7.pdf?forcedownload=1},
note={Seen 09/03/2015. Requires Moodle login},
title={Languages and Compilers, lecture 7},
author={Bent Thomsen}
}
@ONLINE
{arduinoreference,
    url={http://arduino.cc/en/reference},
    title={Arduino - Language Reference},
    note={Seen 16/02/2015},
    author={Arduino}
}

@ONLINE
{arduinoblink,
    url={http://arduino.cc/en/Tutorial/Blink},
    author={Arduino},
    title={Arduino - Blink},
    note={Seen 16/02/2015}
}

@ONLINE
{arduinodouble,
    url={http://arduino.cc/en/Reference/Double},
    author={Arduino},
    title={Arduino - Double},
    note={Seen 24/02/2015}
}
@ONLINE
{arduinofloat,
    url={http://arduino.cc/en/Reference/Float},
    author={Arduino},
    title={Arduino - Float},
    note={Seen 24/02/2015}
}
@ONLINE
{ANTLRWeb,
    url={http://www.antlr.org},
    author={ANTLR / Terence Parr},
    title={ANTLR},
    note={Seen 11/03/2015}s
}
@BOOK
{JavaPrecisely,
  title={Java Precisely},
  author={Sestoft, Peter},
  isbn={0-262-69276-7},
  year={2002},
  publisher={The MIT Press}
}
@BOOK
{CraftingaCompiler,
  title={Crafting a Compiler},
  author={N. Fischer, Charles and K. Cytron, Ron and J. LeBLANC. Jr., Richard },
  isbn={0-13-606705-0},
  year={2010},
  publisher={Pearson}
}
@article{parr1993obtaining,
  title={Obtaining practical variants of $\{$$\backslash$ it LL$\backslash$/$\}$($\{$$\backslash$ it k$\backslash$/$\}$) and $\{$$\backslash$ it LR$\backslash$/$\}$($\{$$\backslash$ it k$\backslash$/$\}$) for $\{$$\backslash$ it k$\backslash$/$\}$ $> $1 by splitting the atomic $\{$$\backslash$ it k$\backslash$/$\}$-tuple},
  author={Parr, Terence John},
  year={1993}
}
@BOOK
{ConceptsOfProgramming,
  title={Concepts of Programming Languages},
  author={Robert W. Sebesta},
  isbn={978-0-13-139531-2},
  year={2013},
  publisher={Pearson}
}
@BOOK
{TransandTree,
  title={Transitions and Trees},
  author={HÃ¼ttel, Hans},
  isbn={0-521-19746-5},
  year={2010},
  publisher={Cambridge University Press}
}